@mastersthesis{Gauthier,
	author = {Gauthier, Eric},
	title = {Utilisation des réseaux de neurones artificiels pour la commande d'un véhicule autonome},
	school = {Insitut National Polytechnique de Grenoble - {INPG}},
	year = {1999},
	howpublished = {\url{https://tel.archives-ouvertes.fr/tel-00004833}}
}
@misc{SDKofficiels,
	howpublished = {\url{http://sdk.sphero.com/sdk-documentation/getting-started/}},
	title = {{GETTING STARTED}},
	year = {2016},
	organization = {Sphero},
	note = "[En ligne; consulté le 20 novembre 2016]"
}
@misc{cppAPI,
	title = {Simple {API} for sphero 1\&2.0 written in c++ for bluez stack},
	year = 2016,
	organization = "GitHub, Inc",
	author = "slock83",
	howpublished = {\url{https://github.com/slock83/sphero-linux-api}},
	note = "[En ligne; consulté le 20 novembre 2016]"
}
@misc{pythonAPI,
	title = {A Sphero {ROS} driver},
	author = "mmwise",
	organization = "GitHub, Inc",
	year = 2016,
	howpublished = {\url{https://github.com/mmwise/sphero_ros}},
	note = "[En ligne; consulté le 20 novembre 2016]"
}
@misc{RBFtuto,
	title = {Radial Basis Function Network {RBFN}},
	year = 2013,
	author = {Chris, McCormick},
	howpublished = {\url{http://mccormickml.com/2013/08/15/radial-basis-function-network-rbfn-tutorial/}},
	note = "[En ligne; consulté le 20 novembre 2016]"
}
